@book{R.Quarfoth,
  author    = {R.Quarfoth, D.Sievenpiper},
  title     = {Impedance Surface Waveguide Theory and Simulation},
  year      = {2011},
  publisher = {2011 IEEE International Symposium on Antennas and Propagation (APSURSI)}
}
@article{sarabandi,
  author    = {Kamal Sarabandi},
  title     = {Foundation of Applied Electromagnetics},
  year      = {2022},
  publisher = {Michigan Publishing}
}

@inproceedings{Github,
  author = {Mohammad Mahdi Elyasi},
  title  = {github link},
  url    = {https:github.com/MohammadMahdiElyasi/Surface-Wave}
}
